<record><leader>00000cas a2200000 a 4500</leader><controlfield tag="001">52416165</controlfield><controlfield tag="008">030611d19301955nyuwr ne      0    0eng c</controlfield><datafield ind1=" " ind2=" " tag="010"><subfield code="a">sn2003060373</subfield></datafield><datafield ind1=" " ind2=" " tag="040"><subfield code="a">NYS</subfield><subfield code="b">eng</subfield><subfield code="c">NYS</subfield><subfield code="d">OCLCQ</subfield><subfield code="d">NYS</subfield><subfield code="d">OCLCQ</subfield><subfield code="d">OCLCF</subfield><subfield code="d">OCLCO</subfield></datafield><datafield ind1="1" ind2=" " tag="029"><subfield code="a">AU@</subfield><subfield code="b">000024725898</subfield></datafield><datafield ind1=" " ind2=" " tag="042"><subfield code="a">pcc</subfield></datafield><datafield ind1=" " ind2=" " tag="043"><subfield code="a">n-us-ny</subfield></datafield><datafield ind1="0" ind2="0" tag="245"><subfield code="a">Croton-on-Hudson news.</subfield></datafield><datafield ind1=" " ind2=" " tag="260"><subfield code="a">Croton-on-Hudson, N.Y. :</subfield><subfield code="b">Leon J. Quick,</subfield><subfield code="c">1930-1955.</subfield></datafield><datafield ind1=" " ind2=" " tag="300"><subfield code="a">v. :</subfield><subfield code="b">ill. ;</subfield><subfield code="c">57 cm.</subfield></datafield><datafield ind1=" " ind2=" " tag="310"><subfield code="a">Weekly</subfield></datafield><datafield ind1="0" ind2=" " tag="362"><subfield code="a">(July 11, 1930)-v. 62, no. 51 (Aug. 4, 1955).</subfield></datafield><datafield ind1=" " ind2=" " tag="500"><subfield code="a">Publisher: John B. Moss &lt;1935-&gt;</subfield></datafield><datafield ind1=" " ind2=" " tag="500"><subfield code="a">"Croton, Croton Point, Oscawana, Harmon, Mt. Airy, Hessian Hills."</subfield></datafield><datafield ind1=" " ind2=" " tag="500"><subfield code="a">"Affiliated publications: The Fair-View News, The North Castle Sun, Mount Vernon Independent, The Pleasantville Townsman, The Yorktown Herald" &lt;1941&gt;.</subfield></datafield><datafield ind1="4" ind2=" " tag="510"><subfield code="a">Gregory, W. American Newspapers, 1821-1936</subfield><subfield code="c">p. 449</subfield></datafield><datafield ind1=" " ind2=" " tag="515"><subfield code="a">Continues numbering of Croton-Harmon News.</subfield></datafield><datafield ind1=" " ind2=" " tag="530"><subfield code="a">Available on microfilm from Croton Free Library.</subfield></datafield><datafield ind1=" " ind2=" " tag="580"><subfield code="a">Combines: Croton Journal, and: Croton-Harmon News.</subfield></datafield><datafield ind1=" " ind2="0" tag="651"><subfield code="a">Croton-on-Hudson (N.Y.)</subfield><subfield code="v">Newspapers.</subfield></datafield><datafield ind1=" " ind2="0" tag="651"><subfield code="a">Westchester County (N.Y.)</subfield><subfield code="v">Newspapers.</subfield></datafield><datafield ind1=" " ind2="7" tag="655"><subfield code="a">Newspapers.</subfield><subfield code="2">fast</subfield><subfield code="0">(OCoLC)fst01423814</subfield></datafield><datafield ind1=" " ind2="7" tag="651"><subfield code="a">New York (State)</subfield><subfield code="z">Croton-on-Hudson.</subfield><subfield code="2">fast</subfield><subfield code="0">(OCoLC)fst01234987</subfield></datafield><datafield ind1=" " ind2="7" tag="651"><subfield code="a">New York (State)</subfield><subfield code="z">Westchester County.</subfield><subfield code="2">fast</subfield><subfield code="0">(OCoLC)fst01202684</subfield></datafield><datafield ind1=" " ind2=" " tag="752"><subfield code="a">United States</subfield><subfield code="b">New York</subfield><subfield code="c">Westchester</subfield><subfield code="d">Croton-on-Hudson.</subfield></datafield><datafield ind1="0" ind2="0" tag="780"><subfield code="t">Croton-Harmon news</subfield><subfield code="w">(DLC)sn2002061502</subfield><subfield code="w">(OCoLC)50903911</subfield></datafield><datafield ind1="0" ind2="0" tag="780"><subfield code="t">Croton Journal</subfield><subfield code="w">(DLC)sn2003060377</subfield><subfield code="w">(OCoLC)52447151</subfield></datafield><datafield ind1="0" ind2="0" tag="785"><subfield code="t">Croton-Courtland news</subfield><subfield code="w">(DLC)sn 92061875</subfield><subfield code="w">(OCoLC)26288651</subfield></datafield></record>